%YAML 1.1
%TAG !u! tag:unity3d.com,2011:
--- !u!1 &8390724646694082810
GameObject:
  m_ObjectHideFlags: 0
  m_CorrespondingSourceObject: {fileID: 0}
  m_PrefabInstance: {fileID: 0}
  m_PrefabAsset: {fileID: 0}
  serializedVersion: 6
  m_Component:
  - component: {fileID: 8390724646694082788}
  - component: {fileID: 8390724646694082789}
  - component: {fileID: 8390724646694082805}
  - component: {fileID: 8390724646694082804}
  - component: {fileID: 8390724646694082803}
  - component: {fileID: 8390724646694082800}
  - component: {fileID: 8390724646694082801}
  - component: {fileID: 8390724646694082806}
  - component: {fileID: 8390724646694082807}
  m_Layer: 0
  m_Name: Math Sculpture_ Noise
  m_TagString: Untagged
  m_Icon: {fileID: 0}
  m_NavMeshLayer: 0
  m_StaticEditorFlags: 0
  m_IsActive: 1
--- !u!4 &8390724646694082788
Transform:
  m_ObjectHideFlags: 0
  m_CorrespondingSourceObject: {fileID: 0}
  m_PrefabInstance: {fileID: 0}
  m_PrefabAsset: {fileID: 0}
  m_GameObject: {fileID: 8390724646694082810}
  m_LocalRotation: {x: -0, y: -0, z: -0, w: 1}
  m_LocalPosition: {x: 0.5, y: 0, z: 0}
  m_LocalScale: {x: 0.5, y: 0.5, z: 0.5}
  m_ConstrainProportionsScale: 1
  m_Children: []
  m_Father: {fileID: 0}
  m_RootOrder: 0
  m_LocalEulerAnglesHint: {x: 0, y: 0, z: 0}
--- !u!114 &8390724646694082789
MonoBehaviour:
  m_ObjectHideFlags: 0
  m_CorrespondingSourceObject: {fileID: 0}
  m_PrefabInstance: {fileID: 0}
  m_PrefabAsset: {fileID: 0}
  m_GameObject: {fileID: 8390724646694082810}
  m_Enabled: 1
  m_EditorHideFlags: 0
  m_Script: {fileID: 11500000, guid: 6c7c1f74fea234e2b8c659d2e2b65781, type: 3}
  m_Name: 
  m_EditorClassIdentifier: 
  instanceMesh: {fileID: 10202, guid: 0000000000000000e000000000000000, type: 3}
  material: {fileID: 2100000, guid: ff63ca8bcde434918bcd963595aebb6a, type: 2}
  shape: 1
  instanceScale: 1
  resolution: 256
  displacement: 0.1
  noiseSettings:
    seed: 0
    frequency: 8
    octaves: 1
    lacunarity: 2
    persistence: 0.5
  type: 1
  dimensions: 3
  tiling: 0
  domain:
    translation:
      x: 0
      y: 0
      z: 0
    rotation:
      x: 0
      y: 0
      z: 0
    scale:
      x: 1
      y: 1
      z: 1
--- !u!114 &8390724646694082805
MonoBehaviour:
  m_ObjectHideFlags: 0
  m_CorrespondingSourceObject: {fileID: 0}
  m_PrefabInstance: {fileID: 0}
  m_PrefabAsset: {fileID: 0}
  m_GameObject: {fileID: 8390724646694082810}
  m_Enabled: 1
  m_EditorHideFlags: 0
  m_Script: {fileID: 11500000, guid: 5fcbe908637246343839876f0780134e, type: 3}
  m_Name: 
  m_EditorClassIdentifier: 
  UILineParent: {fileID: 0}
  UILinePrefeb: {fileID: 3863357359226243504, guid: 8af391b04aecc3f4fa6b7836296ec362, type: 3}
  playerController: {fileID: 0}
--- !u!114 &8390724646694082804
MonoBehaviour:
  m_ObjectHideFlags: 0
  m_CorrespondingSourceObject: {fileID: 0}
  m_PrefabInstance: {fileID: 0}
  m_PrefabAsset: {fileID: 0}
  m_GameObject: {fileID: 8390724646694082810}
  m_Enabled: 1
  m_EditorHideFlags: 0
  m_Script: {fileID: 11500000, guid: aa584fbee541324448dd18d8409c7a41, type: 3}
  m_Name: 
  m_EditorClassIdentifier: 
  ObservedComponentsFoldoutOpen: 1
  Group: 0
  prefixField: -1
  Synchronization: 3
  OwnershipTransfer: 0
  observableSearch: 2
  ObservedComponents: []
  sceneViewId: 0
  InstantiationId: 0
  isRuntimeInstantiated: 0
--- !u!65 &8390724646694082803
BoxCollider:
  m_ObjectHideFlags: 0
  m_CorrespondingSourceObject: {fileID: 0}
  m_PrefabInstance: {fileID: 0}
  m_PrefabAsset: {fileID: 0}
  m_GameObject: {fileID: 8390724646694082810}
  m_Material: {fileID: 0}
  m_IsTrigger: 0
  m_Enabled: 1
  serializedVersion: 2
  m_Size: {x: 1, y: 1, z: 1}
  m_Center: {x: 0, y: 0, z: 0}
--- !u!114 &8390724646694082800
MonoBehaviour:
  m_ObjectHideFlags: 0
  m_CorrespondingSourceObject: {fileID: 0}
  m_PrefabInstance: {fileID: 0}
  m_PrefabAsset: {fileID: 0}
  m_GameObject: {fileID: 8390724646694082810}
  m_Enabled: 1
  m_EditorHideFlags: 0
  m_Script: {fileID: 11500000, guid: a98de877dee5fc341b4eb59dfdab266c, type: 3}
  m_Name: 
  m_EditorClassIdentifier: 
  autoConstraintSelection: 0
  selectedConstraints:
  - {fileID: 8390724646694082807}
--- !u!114 &8390724646694082801
MonoBehaviour:
  m_ObjectHideFlags: 0
  m_CorrespondingSourceObject: {fileID: 0}
  m_PrefabInstance: {fileID: 0}
  m_PrefabAsset: {fileID: 0}
  m_GameObject: {fileID: 8390724646694082810}
  m_Enabled: 1
  m_EditorHideFlags: 0
  m_Script: {fileID: 11500000, guid: 181cd563a8349c34ea8978b0bc8d9c7e, type: 3}
  m_Name: 
  m_EditorClassIdentifier: 
  hostTransform: {fileID: 8390724646694082788}
  manipulationType: 3
  twoHandedManipulationType: 7
  allowFarManipulation: 1
  useForcesForNearManipulation: 0
  oneHandRotationModeNear: 1
  oneHandRotationModeFar: 1
  releaseBehavior: 3
  transformSmoothingLogicType:
    reference: Microsoft.MixedReality.Toolkit.Utilities.DefaultTransformSmoothingLogic,
      Microsoft.MixedReality.Toolkit.SDK
  smoothingFar: 1
  smoothingNear: 1
  moveLerpTime: 0.001
  rotateLerpTime: 0.001
  scaleLerpTime: 0.001
  enableConstraints: 1
  constraintsManager: {fileID: 8390724646694082800}
  elasticsManager: {fileID: 0}
  onManipulationStarted:
    m_PersistentCalls:
      m_Calls: []
  onManipulationEnded:
    m_PersistentCalls:
      m_Calls: []
  onHoverEntered:
    m_PersistentCalls:
      m_Calls: []
  onHoverExited:
    m_PersistentCalls:
      m_Calls: []
--- !u!114 &8390724646694082806
MonoBehaviour:
  m_ObjectHideFlags: 0
  m_CorrespondingSourceObject: {fileID: 0}
  m_PrefabInstance: {fileID: 0}
  m_PrefabAsset: {fileID: 0}
  m_GameObject: {fileID: 8390724646694082810}
  m_Enabled: 1
  m_EditorHideFlags: 0
  m_Script: {fileID: 11500000, guid: 5afd5316c63705643b3daba5a6e923bd, type: 3}
  m_Name: 
  m_EditorClassIdentifier: 
  ShowTetherWhenManipulating: 0
  IsBoundsHandles: 0
--- !u!114 &8390724646694082807
MonoBehaviour:
  m_ObjectHideFlags: 0
  m_CorrespondingSourceObject: {fileID: 0}
  m_PrefabInstance: {fileID: 0}
  m_PrefabAsset: {fileID: 0}
  m_GameObject: {fileID: 8390724646694082810}
  m_Enabled: 1
  m_EditorHideFlags: 0
  m_Script: {fileID: 11500000, guid: 5b3e6359c9750ad4fb8a05c9b8704d7b, type: 3}
  m_Name: 
  m_EditorClassIdentifier: 
  handType: 3
  proximityType: 3
  executionOrder: 0
  constraintOnRotation: 5
  useLocalSpaceForConstraint: 0
