%YAML 1.1
%TAG !u! tag:unity3d.com,2011:
--- !u!1 &5064957097316114485
GameObject:
  m_ObjectHideFlags: 0
  m_CorrespondingSourceObject: {fileID: 0}
  m_PrefabInstance: {fileID: 0}
  m_PrefabAsset: {fileID: 0}
  serializedVersion: 6
  m_Component:
  - component: {fileID: 5064957097316114472}
  - component: {fileID: 5064957097316114487}
  - component: {fileID: 5064957097316114486}
  m_Layer: 0
  m_Name: Bibcam Decoder
  m_TagString: Untagged
  m_Icon: {fileID: 0}
  m_NavMeshLayer: 0
  m_StaticEditorFlags: 0
  m_IsActive: 1
--- !u!4 &5064957097316114472
Transform:
  m_ObjectHideFlags: 0
  m_CorrespondingSourceObject: {fileID: 0}
  m_PrefabInstance: {fileID: 0}
  m_PrefabAsset: {fileID: 0}
  m_GameObject: {fileID: 5064957097316114485}
  m_LocalRotation: {x: 0, y: 0, z: 0, w: 1}
  m_LocalPosition: {x: 0, y: 0, z: 0}
  m_LocalScale: {x: 1, y: 1, z: 1}
  m_ConstrainProportionsScale: 0
  m_Children: []
  m_Father: {fileID: 5064957098279799976}
  m_RootOrder: 3
  m_LocalEulerAnglesHint: {x: 0, y: 0, z: 0}
--- !u!114 &5064957097316114487
MonoBehaviour:
  m_ObjectHideFlags: 0
  m_CorrespondingSourceObject: {fileID: 0}
  m_PrefabInstance: {fileID: 0}
  m_PrefabAsset: {fileID: 0}
  m_GameObject: {fileID: 5064957097316114485}
  m_Enabled: 1
  m_EditorHideFlags: 0
  m_Script: {fileID: 11500000, guid: 1aa41795cc9074639ac9f9bd16fd57ee, type: 3}
  m_Name: 
  m_EditorClassIdentifier: 
  _shader: {fileID: 7200000, guid: 7b1c01e18b47b4303b8abb8469ee69d3, type: 3}
--- !u!114 &5064957097316114486
MonoBehaviour:
  m_ObjectHideFlags: 0
  m_CorrespondingSourceObject: {fileID: 0}
  m_PrefabInstance: {fileID: 0}
  m_PrefabAsset: {fileID: 0}
  m_GameObject: {fileID: 5064957097316114485}
  m_Enabled: 1
  m_EditorHideFlags: 0
  m_Script: {fileID: 11500000, guid: 94509387823624a3db4b2fb0c365adb3, type: 3}
  m_Name: 
  m_EditorClassIdentifier: 
  _margin: 1
  _shader: {fileID: 4800000, guid: add5a8d52e2e749119e249f0a762eb85, type: 3}
  inRealTime: 0
  numFramesDemuxed: 0
  doNotDecodeDepth: 0
  _color: {fileID: 0}
  _depth: {fileID: 0}
--- !u!1 &5064957097860238491
GameObject:
  m_ObjectHideFlags: 0
  m_CorrespondingSourceObject: {fileID: 0}
  m_PrefabInstance: {fileID: 0}
  m_PrefabAsset: {fileID: 0}
  serializedVersion: 6
  m_Component:
  - component: {fileID: 5064957097860238492}
  - component: {fileID: 5064957097860238480}
  - component: {fileID: 5064957097860238495}
  - component: {fileID: 5064957097860238494}
  m_Layer: 0
  m_Name: StaticPart
  m_TagString: Untagged
  m_Icon: {fileID: 0}
  m_NavMeshLayer: 0
  m_StaticEditorFlags: 0
  m_IsActive: 1
--- !u!4 &5064957097860238492
Transform:
  m_ObjectHideFlags: 0
  m_CorrespondingSourceObject: {fileID: 0}
  m_PrefabInstance: {fileID: 0}
  m_PrefabAsset: {fileID: 0}
  m_GameObject: {fileID: 5064957097860238491}
  m_LocalRotation: {x: -0, y: -0, z: -0, w: 1}
  m_LocalPosition: {x: 0, y: 0, z: 0}
  m_LocalScale: {x: 1, y: 1, z: 1}
  m_ConstrainProportionsScale: 0
  m_Children: []
  m_Father: {fileID: 5064957098279799976}
  m_RootOrder: 0
  m_LocalEulerAnglesHint: {x: 0, y: 0, z: 0}
--- !u!2083052967 &5064957097860238480
VisualEffect:
  m_ObjectHideFlags: 0
  m_CorrespondingSourceObject: {fileID: 0}
  m_PrefabInstance: {fileID: 0}
  m_PrefabAsset: {fileID: 0}
  m_GameObject: {fileID: 5064957097860238491}
  m_Enabled: 1
  m_Asset: {fileID: 8926484042661614526, guid: c7154b0fadf1b07459106cc163b642b6, type: 3}
  m_InitialEventName: OnPlay
  m_InitialEventNameOverriden: 0
  m_StartSeed: 65153034
  m_ResetSeedOnPlay: 0
  m_ResourceVersion: 1
  m_PropertySheet:
    m_Float:
      m_Array:
      - m_Value: 0.08
        m_Name: VoxelSize
        m_Overridden: 1
      - m_Value: 1.7777778
        m_Name: Camera_aspectRatio
        m_Overridden: 1
      - m_Value: 50
        m_Name: Camera_farPlane
        m_Overridden: 1
      - m_Value: 0.7853982
        m_Name: Camera_fieldOfView
        m_Overridden: 1
      - m_Value: 0.01
        m_Name: Camera_nearPlane
        m_Overridden: 1
    m_Vector2f:
      m_Array:
      - m_Value: {x: 1920, y: 1080}
        m_Name: Camera_pixelDimensions
        m_Overridden: 1
    m_Vector3f:
      m_Array:
      - m_Value: {x: 0, y: 1, z: -10}
        m_Name: Center
        m_Overridden: 1
      - m_Value: {x: -0, y: 0, z: 0}
        m_Name: Camera_transform_angles
        m_Overridden: 1
      - m_Value: {x: 0, y: 1, z: -10}
        m_Name: Camera_transform_position
        m_Overridden: 1
      - m_Value: {x: 1, y: 1, z: 1}
        m_Name: Camera_transform_scale
        m_Overridden: 1
      - m_Value: {x: 0, y: 1, z: -10}
        m_Name: Camera Position
        m_Overridden: 1
      - m_Value: {x: 0, y: 1, z: -10}
        m_Name: EffectOrigin
        m_Overridden: 1
    m_Vector4f:
      m_Array: []
    m_Uint:
      m_Array: []
    m_Int:
      m_Array: []
    m_Matrix4x4f:
      m_Array: []
    m_AnimationCurve:
      m_Array: []
    m_Gradient:
      m_Array: []
    m_NamedObject:
      m_Array:
      - m_Value: {fileID: 0}
        m_Name: Camera_colorBuffer
        m_Overridden: 1
      - m_Value: {fileID: 0}
        m_Name: Camera_depthBuffer
        m_Overridden: 1
    m_Bool:
      m_Array: []
--- !u!73398921 &5064957097860238495
VFXRenderer:
  serializedVersion: 1
  m_ObjectHideFlags: 0
  m_CorrespondingSourceObject: {fileID: 0}
  m_PrefabInstance: {fileID: 0}
  m_PrefabAsset: {fileID: 0}
  m_GameObject: {fileID: 5064957097860238491}
  m_Enabled: 1
  m_CastShadows: 0
  m_ReceiveShadows: 0
  m_DynamicOccludee: 1
  m_StaticShadowCaster: 0
  m_MotionVectors: 0
  m_LightProbeUsage: 0
  m_ReflectionProbeUsage: 0
  m_RayTracingMode: 0
  m_RayTraceProcedural: 0
  m_RenderingLayerMask: 257
  m_RendererPriority: 0
  m_StaticBatchInfo:
    firstSubMesh: 0
    subMeshCount: 0
  m_StaticBatchRoot: {fileID: 0}
  m_ProbeAnchor: {fileID: 0}
  m_LightProbeVolumeOverride: {fileID: 0}
  m_ScaleInLightmap: 1
  m_ReceiveGI: 1
  m_PreserveUVs: 0
  m_IgnoreNormalsForChartDetection: 0
  m_ImportantGI: 0
  m_StitchLightmapSeams: 1
  m_SelectedEditorRenderState: 3
  m_MinimumChartSize: 4
  m_AutoUVMaxDistance: 0.5
  m_AutoUVMaxAngle: 89
  m_LightmapParameters: {fileID: 0}
  m_SortingLayerID: 0
  m_SortingLayer: 0
  m_SortingOrder: 0
--- !u!114 &5064957097860238494
MonoBehaviour:
  m_ObjectHideFlags: 0
  m_CorrespondingSourceObject: {fileID: 0}
  m_PrefabInstance: {fileID: 0}
  m_PrefabAsset: {fileID: 0}
  m_GameObject: {fileID: 5064957097860238491}
  m_Enabled: 1
  m_EditorHideFlags: 0
  m_Script: {fileID: 11500000, guid: dcd7242bafca32045867fe13e825d823, type: 3}
  m_Name: 
  m_EditorClassIdentifier: 
  _decoder: {fileID: 0}
  _demuxer: {fileID: 0}
  fileName: co-nonhuman-nor-trails
  outputFolderPath: C:\Users\yzy\Desktop\
  currentTexture: {fileID: 0}
  currentFrame: -1
  numOfFrames: 0
  pointOffset: {x: 0, y: 0, z: 0}
  numPoints: 0
  recenter: 0
  frameStart: 20
  frameStop: 5000
  resolution: 20
  actualNumOfPoints: 0
  estimatedNumPoints: 3000000
  stepX: 3
  stepY: 3
  fbLoadPointCloudsFromFile: 1
  fbLoadPointCloudsFromVideo: 0
  fbUpdateGPUGraphicsBuffer: 0
  bAccumulatePointsFromFrames: 1
  bAccumulatePointsFromFramesJustOnce: 0
  bReplaceAllPointsWithCurrentFrame: 0
  fbWriteCurrentFrameToPLY: 0
--- !u!1 &5064957097901724550
GameObject:
  m_ObjectHideFlags: 0
  m_CorrespondingSourceObject: {fileID: 0}
  m_PrefabInstance: {fileID: 0}
  m_PrefabAsset: {fileID: 0}
  serializedVersion: 6
  m_Component:
  - component: {fileID: 5064957097901724551}
  - component: {fileID: 5064957097901723768}
  m_Layer: 0
  m_Name: Bibcam Background
  m_TagString: Untagged
  m_Icon: {fileID: 0}
  m_NavMeshLayer: 0
  m_StaticEditorFlags: 0
  m_IsActive: 0
--- !u!4 &5064957097901724551
Transform:
  m_ObjectHideFlags: 0
  m_CorrespondingSourceObject: {fileID: 0}
  m_PrefabInstance: {fileID: 0}
  m_PrefabAsset: {fileID: 0}
  m_GameObject: {fileID: 5064957097901724550}
  m_LocalRotation: {x: 0, y: 0, z: 0, w: 1}
  m_LocalPosition: {x: 0, y: 0, z: 0}
  m_LocalScale: {x: 1, y: 1, z: 1}
  m_ConstrainProportionsScale: 0
  m_Children: []
  m_Father: {fileID: 5064957098279799976}
  m_RootOrder: 4
  m_LocalEulerAnglesHint: {x: 0, y: 0, z: 0}
--- !u!114 &5064957097901723768
MonoBehaviour:
  m_ObjectHideFlags: 0
  m_CorrespondingSourceObject: {fileID: 0}
  m_PrefabInstance: {fileID: 0}
  m_PrefabAsset: {fileID: 0}
  m_GameObject: {fileID: 5064957097901724550}
  m_Enabled: 1
  m_EditorHideFlags: 0
  m_Script: {fileID: 11500000, guid: 26d6499a6bd256e47b859377446493a1, type: 3}
  m_Name: 
  m_EditorClassIdentifier: 
  m_IsGlobal: 0
  fadeRadius: 0
  priority: 0
  customPasses:
  - rid: 1859664837924880384
  injectionPoint: 1
  m_TargetCamera: {fileID: 0}
  useTargetCamera: 1
  references:
    version: 2
    RefIds:
    - rid: 1859664837924880384
      type: {class: BibcamBackgroundPass, ns: Bibcam, asm: Bibcam.Vfx.Samples}
      data:
        m_Name: Bibcam
        enabled: 1
        targetColorBuffer: 0
        targetDepthBuffer: 0
        clearFlags: 0
        passFoldout: 0
        m_Version: 0
        _decoder: {fileID: 5064957097316114487}
        _demux: {fileID: 5064957097316114486}
        _depthOffset: 4
        _depthColor: {r: 1, g: 1, b: 1, a: 0}
        _stencilColor: {r: 1, g: 0, b: 0, a: 0}
        _tint: {r: 1, g: 1, b: 1, a: 1}
        _shader: {fileID: 4800000, guid: 57017c25916510c45931490a568c2324, type: 3}
--- !u!1 &5064957097958780382
GameObject:
  m_ObjectHideFlags: 0
  m_CorrespondingSourceObject: {fileID: 0}
  m_PrefabInstance: {fileID: 0}
  m_PrefabAsset: {fileID: 0}
  serializedVersion: 6
  m_Component:
  - component: {fileID: 5064957097958780383}
  - component: {fileID: 5064957097958780369}
  - component: {fileID: 5064957097958780368}
  - component: {fileID: 5064957097958780370}
  m_Layer: 0
  m_Name: Video Player
  m_TagString: Untagged
  m_Icon: {fileID: 0}
  m_NavMeshLayer: 0
  m_StaticEditorFlags: 0
  m_IsActive: 1
--- !u!4 &5064957097958780383
Transform:
  m_ObjectHideFlags: 0
  m_CorrespondingSourceObject: {fileID: 0}
  m_PrefabInstance: {fileID: 0}
  m_PrefabAsset: {fileID: 0}
  m_GameObject: {fileID: 5064957097958780382}
  m_LocalRotation: {x: 0, y: 0, z: 0, w: 1}
  m_LocalPosition: {x: 0, y: 0, z: 0}
  m_LocalScale: {x: 1, y: 1, z: 1}
  m_ConstrainProportionsScale: 0
  m_Children: []
  m_Father: {fileID: 5064957098279799976}
  m_RootOrder: 2
  m_LocalEulerAnglesHint: {x: 0, y: 0, z: 0}
--- !u!328 &5064957097958780369
VideoPlayer:
  m_ObjectHideFlags: 0
  m_CorrespondingSourceObject: {fileID: 0}
  m_PrefabInstance: {fileID: 0}
  m_PrefabAsset: {fileID: 0}
  m_GameObject: {fileID: 5064957097958780382}
  m_Enabled: 1
  m_VideoClip: {fileID: 32900000, guid: 85e9ee996dd88aa4abb570406d4e47bc, type: 3}
  m_TargetCameraAlpha: 1
  m_TargetCamera3DLayout: 0
  m_TargetCamera: {fileID: 0}
  m_TargetTexture: {fileID: 0}
  m_TimeReference: 0
  m_TargetMaterialRenderer: {fileID: 0}
  m_TargetMaterialProperty: <noninit>
  m_RenderMode: 4
  m_AspectRatio: 2
  m_DataSource: 0
  m_PlaybackSpeed: 0.2
  m_AudioOutputMode: 0
  m_TargetAudioSources: []
  m_DirectAudioVolumes: []
  m_Url: file://C:/Users/yzy/Desktop/DATA_LOCAL/RGBDs/Jan06_2.MP4
  m_EnabledAudioTracks: 
  m_DirectAudioMutes: 
  m_ControlledAudioTrackCount: 0
  m_PlayOnAwake: 1
  m_SkipOnDrop: 1
  m_Looping: 1
  m_WaitForFirstFrame: 1
  m_FrameReadyEventEnabled: 0
  m_VideoShaders: []
--- !u!114 &5064957097958780368
MonoBehaviour:
  m_ObjectHideFlags: 0
  m_CorrespondingSourceObject: {fileID: 0}
  m_PrefabInstance: {fileID: 0}
  m_PrefabAsset: {fileID: 0}
  m_GameObject: {fileID: 5064957097958780382}
  m_Enabled: 1
  m_EditorHideFlags: 0
  m_Script: {fileID: 11500000, guid: 6b3d8e40962234dc2929489294cb907f, type: 3}
  m_Name: 
  m_EditorClassIdentifier: 
  video: {fileID: 5064957097958780369}
  _decoder: {fileID: 5064957097316114487}
  _demuxer: {fileID: 5064957097316114486}
  targetWidth: 1920
  targetHeight: 1080
  currentFrame: -1
  folderpath: 
  currentTexture: {fileID: 0}
  colorRenderTextures: []
  depthRenderTextures: []
  normalRenderTextures: []
  _normalBaker: {fileID: 0}
  targetFrame: 3000
  vertexCount: 0
  frameStart: 0
  frameStop: 0
  bakeToPLYs: 0
  bakeToRenderTextures: 0
  bakeNormalTextures: 0
  fbPlayVideo: 0
  fbPauseVideo: 0
  bDecodeInRealTime: 1
--- !u!114 &5064957097958780370
MonoBehaviour:
  m_ObjectHideFlags: 0
  m_CorrespondingSourceObject: {fileID: 0}
  m_PrefabInstance: {fileID: 0}
  m_PrefabAsset: {fileID: 0}
  m_GameObject: {fileID: 5064957097958780382}
  m_Enabled: 0
  m_EditorHideFlags: 0
  m_Script: {fileID: 11500000, guid: 093cc3647a273244c84cc41beebd32ce, type: 3}
  m_Name: 
  m_EditorClassIdentifier: 
  bGoToTargetFrame: 0
  targetFrame: 100
  enableSnapping: 0
  snapTarget: {fileID: 0}
--- !u!1 &5064957098210095286
GameObject:
  m_ObjectHideFlags: 0
  m_CorrespondingSourceObject: {fileID: 0}
  m_PrefabInstance: {fileID: 0}
  m_PrefabAsset: {fileID: 0}
  serializedVersion: 6
  m_Component:
  - component: {fileID: 5064957098210095287}
  - component: {fileID: 5064957098210095272}
  m_Layer: 0
  m_Name: PlayerControl
  m_TagString: Untagged
  m_Icon: {fileID: 0}
  m_NavMeshLayer: 0
  m_StaticEditorFlags: 0
  m_IsActive: 1
--- !u!4 &5064957098210095287
Transform:
  m_ObjectHideFlags: 0
  m_CorrespondingSourceObject: {fileID: 0}
  m_PrefabInstance: {fileID: 0}
  m_PrefabAsset: {fileID: 0}
  m_GameObject: {fileID: 5064957098210095286}
  m_LocalRotation: {x: -0, y: -0, z: -0, w: 1}
  m_LocalPosition: {x: -1.7147583, y: 0.60646826, z: -25.197622}
  m_LocalScale: {x: 1, y: 1, z: 1}
  m_ConstrainProportionsScale: 0
  m_Children: []
  m_Father: {fileID: 5064957098279799976}
  m_RootOrder: 5
  m_LocalEulerAnglesHint: {x: 0, y: 0, z: 0}
--- !u!114 &5064957098210095272
MonoBehaviour:
  m_ObjectHideFlags: 0
  m_CorrespondingSourceObject: {fileID: 0}
  m_PrefabInstance: {fileID: 0}
  m_PrefabAsset: {fileID: 0}
  m_GameObject: {fileID: 5064957098210095286}
  m_Enabled: 1
  m_EditorHideFlags: 0
  m_Script: {fileID: 11500000, guid: 46e0759cb028b6e4e954c3d8d13f14d2, type: 3}
  m_Name: 
  m_EditorClassIdentifier: 
  _decoder: {fileID: 5064957097316114487}
  _camera: {fileID: 0}
  alignCameraToVideo: 1
--- !u!1 &5064957098279799991
GameObject:
  m_ObjectHideFlags: 0
  m_CorrespondingSourceObject: {fileID: 0}
  m_PrefabInstance: {fileID: 0}
  m_PrefabAsset: {fileID: 0}
  serializedVersion: 6
  m_Component:
  - component: {fileID: 5064957098279799976}
  m_Layer: 0
  m_Name: Hybird
  m_TagString: Untagged
  m_Icon: {fileID: 0}
  m_NavMeshLayer: 0
  m_StaticEditorFlags: 0
  m_IsActive: 1
--- !u!4 &5064957098279799976
Transform:
  m_ObjectHideFlags: 0
  m_CorrespondingSourceObject: {fileID: 0}
  m_PrefabInstance: {fileID: 0}
  m_PrefabAsset: {fileID: 0}
  m_GameObject: {fileID: 5064957098279799991}
  m_LocalRotation: {x: 0, y: 0, z: 0, w: 1}
  m_LocalPosition: {x: 0, y: 0, z: 0}
  m_LocalScale: {x: 1, y: 1, z: 1}
  m_ConstrainProportionsScale: 0
  m_Children:
  - {fileID: 5064957097860238492}
  - {fileID: 5064957098485754491}
  - {fileID: 5064957097958780383}
  - {fileID: 5064957097316114472}
  - {fileID: 5064957097901724551}
  - {fileID: 5064957098210095287}
  m_Father: {fileID: 0}
  m_RootOrder: 0
  m_LocalEulerAnglesHint: {x: 0, y: 0, z: 0}
--- !u!1 &5064957098485754490
GameObject:
  m_ObjectHideFlags: 0
  m_CorrespondingSourceObject: {fileID: 0}
  m_PrefabInstance: {fileID: 0}
  m_PrefabAsset: {fileID: 0}
  serializedVersion: 6
  m_Component:
  - component: {fileID: 5064957098485754491}
  - component: {fileID: 5064957098485754480}
  - component: {fileID: 5064957098485754495}
  - component: {fileID: 5064957098485754494}
  - component: {fileID: 5064957098485754493}
  m_Layer: 0
  m_Name: VFX
  m_TagString: Untagged
  m_Icon: {fileID: 0}
  m_NavMeshLayer: 0
  m_StaticEditorFlags: 0
  m_IsActive: 1
--- !u!4 &5064957098485754491
Transform:
  m_ObjectHideFlags: 0
  m_CorrespondingSourceObject: {fileID: 0}
  m_PrefabInstance: {fileID: 0}
  m_PrefabAsset: {fileID: 0}
  m_GameObject: {fileID: 5064957098485754490}
  m_LocalRotation: {x: 0, y: 0, z: 0, w: 1}
  m_LocalPosition: {x: 0, y: 0, z: 0}
  m_LocalScale: {x: 1, y: 1, z: 1}
  m_ConstrainProportionsScale: 0
  m_Children: []
  m_Father: {fileID: 5064957098279799976}
  m_RootOrder: 1
  m_LocalEulerAnglesHint: {x: 0, y: 0, z: 0}
--- !u!2083052967 &5064957098485754480
VisualEffect:
  m_ObjectHideFlags: 0
  m_CorrespondingSourceObject: {fileID: 0}
  m_PrefabInstance: {fileID: 0}
  m_PrefabAsset: {fileID: 0}
  m_GameObject: {fileID: 5064957098485754490}
  m_Enabled: 1
  m_Asset: {fileID: 8926484042661614526, guid: acbcb6475b03e2a40ad05042b70d3bd5, type: 3}
  m_InitialEventName: OnPlay
  m_InitialEventNameOverriden: 0
  m_StartSeed: 65153034
  m_ResetSeedOnPlay: 0
  m_ResourceVersion: 1
  m_PropertySheet:
    m_Float:
      m_Array:
      - m_Value: 0.08
        m_Name: VoxelSize
        m_Overridden: 1
      - m_Value: 1.7777778
        m_Name: Camera_aspectRatio
        m_Overridden: 1
      - m_Value: 50
        m_Name: Camera_farPlane
        m_Overridden: 1
      - m_Value: 0.7853982
        m_Name: Camera_fieldOfView
        m_Overridden: 1
      - m_Value: 0.01
        m_Name: Camera_nearPlane
        m_Overridden: 1
      - m_Value: 0.01
        m_Name: PointSize
        m_Overridden: 1
    m_Vector2f:
      m_Array:
      - m_Value: {x: 1920, y: 1080}
        m_Name: Camera_pixelDimensions
        m_Overridden: 1
    m_Vector3f:
      m_Array:
      - m_Value: {x: 0, y: 1, z: -10}
        m_Name: Center
        m_Overridden: 1
      - m_Value: {x: -0, y: 0, z: 0}
        m_Name: Camera_transform_angles
        m_Overridden: 1
      - m_Value: {x: 0, y: 1, z: -10}
        m_Name: Camera_transform_position
        m_Overridden: 1
      - m_Value: {x: 1, y: 1, z: 1}
        m_Name: Camera_transform_scale
        m_Overridden: 1
      - m_Value: {x: 0, y: 1, z: -10}
        m_Name: Camera Position
        m_Overridden: 1
      - m_Value: {x: 0, y: 1, z: -10}
        m_Name: EffectOrigin
        m_Overridden: 1
    m_Vector4f:
      m_Array: []
    m_Uint:
      m_Array: []
    m_Int:
      m_Array:
      - m_Value: 60
        m_Name: Resolution
        m_Overridden: 0
    m_Matrix4x4f:
      m_Array: []
    m_AnimationCurve:
      m_Array: []
    m_Gradient:
      m_Array: []
    m_NamedObject:
      m_Array:
      - m_Value: {fileID: 0}
        m_Name: Camera_colorBuffer
        m_Overridden: 1
      - m_Value: {fileID: 0}
        m_Name: Camera_depthBuffer
        m_Overridden: 1
    m_Bool:
      m_Array: []
--- !u!73398921 &5064957098485754495
VFXRenderer:
  serializedVersion: 1
  m_ObjectHideFlags: 0
  m_CorrespondingSourceObject: {fileID: 0}
  m_PrefabInstance: {fileID: 0}
  m_PrefabAsset: {fileID: 0}
  m_GameObject: {fileID: 5064957098485754490}
  m_Enabled: 1
  m_CastShadows: 0
  m_ReceiveShadows: 0
  m_DynamicOccludee: 1
  m_StaticShadowCaster: 0
  m_MotionVectors: 0
  m_LightProbeUsage: 0
  m_ReflectionProbeUsage: 0
  m_RayTracingMode: 0
  m_RayTraceProcedural: 0
  m_RenderingLayerMask: 257
  m_RendererPriority: 0
  m_StaticBatchInfo:
    firstSubMesh: 0
    subMeshCount: 0
  m_StaticBatchRoot: {fileID: 0}
  m_ProbeAnchor: {fileID: 0}
  m_LightProbeVolumeOverride: {fileID: 0}
  m_ScaleInLightmap: 1
  m_ReceiveGI: 1
  m_PreserveUVs: 0
  m_IgnoreNormalsForChartDetection: 0
  m_ImportantGI: 0
  m_StitchLightmapSeams: 1
  m_SelectedEditorRenderState: 3
  m_MinimumChartSize: 4
  m_AutoUVMaxDistance: 0.5
  m_AutoUVMaxAngle: 89
  m_LightmapParameters: {fileID: 0}
  m_SortingLayerID: 0
  m_SortingLayer: 0
  m_SortingOrder: 0
--- !u!114 &5064957098485754494
MonoBehaviour:
  m_ObjectHideFlags: 0
  m_CorrespondingSourceObject: {fileID: 0}
  m_PrefabInstance: {fileID: 0}
  m_PrefabAsset: {fileID: 0}
  m_GameObject: {fileID: 5064957098485754490}
  m_Enabled: 1
  m_EditorHideFlags: 0
  m_Script: {fileID: 11500000, guid: cdafc37f32b176349b1684c4455b98e9, type: 3}
  m_Name: 
  m_EditorClassIdentifier: 
  m_ExecuteInEditor: 1
  m_Bindings:
  - {fileID: 5064957098485754493}
  m_VisualEffect: {fileID: 5064957098485754480}
--- !u!114 &5064957098485754493
MonoBehaviour:
  m_ObjectHideFlags: 0
  m_CorrespondingSourceObject: {fileID: 0}
  m_PrefabInstance: {fileID: 0}
  m_PrefabAsset: {fileID: 0}
  m_GameObject: {fileID: 5064957098485754490}
  m_Enabled: 1
  m_EditorHideFlags: 0
  m_Script: {fileID: 11500000, guid: ae25cafffe5954172a9ef9a7b41bab6b, type: 3}
  m_Name: 
  m_EditorClassIdentifier: 
  _decoder: {fileID: 5064957097316114487}
  _demux: {fileID: 5064957097316114486}
  _colorMapProperty:
    m_Name: ColorMap
  _depthMapProperty:
    m_Name: DepthMap
  _rayParamsProperty:
    m_Name: RayParams
  _inverseViewProperty:
    m_Name: InverseView
  _depthRangeProperty:
    m_Name: DepthRange
